<?xml version="1.0" encoding="UTF-8"?><record xmlns="http://www.loc.gov/MARC21/slim" xmlns:cinclude="http://apache.org/cocoon/include/1.0" xmlns:zs="http://www.loc.gov/zing/srw/">
  <leader>00709nz  a2200217n  4500</leader>
  <controlfield tag="001">no2003012140</controlfield>
  <controlfield tag="003">DLC</controlfield>
  <controlfield tag="005">20030208071050.0</controlfield>
  <controlfield tag="008">030207n| acabaaaan          |n ana     c</controlfield>
  <datafield tag="010" ind1=" " ind2=" ">
    <subfield code="a">no2003012140</subfield>
  </datafield>
  <datafield tag="035" ind1=" " ind2=" ">
    <subfield code="a">(OCoLC)oca05968435</subfield>
  </datafield>
  <datafield tag="040" ind1=" " ind2=" ">
    <subfield code="a">TNJ</subfield>
    <subfield code="b">eng</subfield>
    <subfield code="c">TNJ</subfield>
  </datafield>
  <datafield tag="130" ind1=" " ind2="0">
    <subfield code="a">Marxian economics I</subfield>
  </datafield>
  <datafield tag="640" ind1="1" ind2=" ">
    <subfield code="a">Complete in 3 v.</subfield>
  </datafield>
  <datafield tag="642" ind1=" " ind2=" ">
    <subfield code="a">2</subfield>
    <subfield code="5">DPCC</subfield>
    <subfield code="5">TNJ</subfield>
  </datafield>
  <datafield tag="643" ind1=" " ind2=" ">
    <subfield code="a">London</subfield>
    <subfield code="b">Routledge</subfield>
  </datafield>
  <datafield tag="644" ind1=" " ind2=" ">
    <subfield code="a">f</subfield>
    <subfield code="5">TNJ</subfield>
  </datafield>
  <datafield tag="645" ind1=" " ind2=" ">
    <subfield code="a">t</subfield>
    <subfield code="5">DPCC</subfield>
    <subfield code="5">TNJ</subfield>
  </datafield>
  <datafield tag="646" ind1=" " ind2=" ">
    <subfield code="a">s</subfield>
    <subfield code="5">TNJ</subfield>
  </datafield>
  <datafield tag="667" ind1=" " ind2=" ">
    <subfield code="a">Reprints 3 of the titles previously published in Harwood Academic's unnumbered series: Fundamentals of pure and applied economics. Marxian economics section.</subfield>
  </datafield>
  <datafield tag="670" ind1=" " ind2=" ">
    <subfield code="a">Value, exploitation and class, 2001:</subfield>
    <subfield code="b">set t.p. (Marxian economics I)</subfield>
  </datafield>
</record>